<?xml version="1.0" encoding="UTF-8"?><collection xmlns="http://www.loc.gov/MARC21/slim"><record><leader>00561nam--2200181-i-4500</leader><controlfield tag="001">000001007</controlfield><controlfield tag="002">20161230</controlfield><controlfield tag="005">20161230201024</controlfield><controlfield tag="008">060222s1000------------r-----000-0-eng-d</controlfield><datafield ind1=" " ind2=" " tag="020"><subfield code="a">8301015381</subfield></datafield><datafield ind1=" " ind2=" " tag="040"><subfield code="a">IFIN-HH</subfield></datafield><datafield ind1=" " ind2=" " tag="080"><subfield code="a">635.215</subfield></datafield><datafield ind1="1" ind2=" " tag="100"><subfield code="a">Herman, Marian A</subfield></datafield><datafield ind1="1" ind2="0" tag="245"><subfield code="a">Semiconductor optoelectronics</subfield><subfield code="b">Proceedings of the second international school cetniwo, 1978, may 6-13, 1978, wladyslawowo</subfield><subfield code="c">MARIAN A. HERMAN (Ed.)</subfield></datafield><datafield ind1=" " ind2=" " tag="260"><subfield code="a">TORONTO</subfield><subfield code="b">John Wiley &amp; Sons</subfield><subfield code="c">1980</subfield></datafield><datafield ind1=" " ind2=" " tag="300"><subfield code="a">XII + 648 P</subfield></datafield><datafield ind1=" " ind2=" " tag="852"><subfield code="a">48895</subfield><subfield code="c">535</subfield></datafield><datafield ind1=" " ind2=" " tag="CAT"><subfield code="a">Sys</subfield><subfield code="c">20101123</subfield><subfield code="h">160517</subfield></datafield></record></collection>